@article{db-ccppf-83
, author = "D. Dori and M. Ben-Bassat"
, title = "Circumscribing a Convex Polygon by a Polygon of Fewer Sides with Minimal Area Addition"
, journal = "Comput. Vision Graph. Image Process."
, volume = 24
, year = 1983
, pages = "131--159"
, keywords = "polygons, extremal figures, area"
, update = "95.09 korneenko, 93.09 held"
, annote = "erratic"
}

@inproceedings{as-facle-87 
, author = "A. Aggarwal and Subhash Suri" 
, title = "Fast algorithms for computing the largest empty rectangle" 
, booktitle = "Proc. 3rd Annu. ACM Sympos. Comput. Geom." 
, year = 1987 
, pages = "278--290" 
, keywords = "orthogon, extremal figures, empty rectangle" 
, cites = "akmsw-gamsa-86, af-nfmer-86, cdl-cler-86, mos-fmrio-85, nhl-merp-84, ZZZ" 
, update = "98.03 bibrelex+mitchell, 95.05 korneenko" 
} 

@book{ps-cgi-90 
, author = "F. P. Preparata and M. I. Shamos" 
, title = "Computational Geometry: An Introduction" 
, edition = "3rd" 
, publisher = "Springer-Verlag" 
, month = oct 
, year = 1990 
, isbn = "3-540-96131-3" 
, succeeds = "ps-cgi-85" 
, update = "98.11 bibrelex" 
}

@unpublished{mr-leir-01
, author = "Asish Mukhopadhya and S. V. Rao" 
, title = "Largest empty isothetic rectangle" 
, note = manuscript
, year = 2001
} 

@incollection{hm-fwecs-88
, author = "M. Houle and A. Maciel"
, title = "Finding the widest empty corridor through a set of points"
, booktitle = "Snapshots of computational and discrete geometry"
, publisher = "Dept. of Computer Science, McGill University"
, address = "Montreal, Canada"
, year = 1988
, pages = "201--213"
, note = "Technical Report SOCS-88.11"
, update = "98.11 bibrelex"
} 

@techreport{p-msc-77
, author = "F. Preparata"
, title = "Minimum spanning circle"
, institution = "Univ. Illinois"
, address = "Urbana, IL"
, year = 1977
, note = "in `Steps into Computational Geometry'"
, update = "98.03 bibrelex"
}     

@manual{ns
, title = "Ns: Notes and Documentation"
, note = \url{www.isi.edu/nsnam/ns/}
}

