@inproceedings{semwal2015tartarus,
  title={Tartarus: a multi-agent platform for integrating cyber-physical systems and robots},
  author={Semwal, Tushar and Bode, Manoj and Singh, Vivek and Jha, Shashi Shekhar and Nair, Shivashankar B},
  booktitle={Proceedings of the 2015 Conference on Advances in Robotics},
  pages={1--6},
  year={2015}
}

@InProceedings{10.1007/978-3-540-85058-8_15, 
author="Gaspari, Mauro
and Guidi, Davide",
editor="Dastani, Mehdi
and El Fallah Seghrouchni, Amal
and Leite, Jo{\~a}o
and Torroni, Paolo",
title="Facilitating Agent Development in Open Distributed Systems",
booktitle="Languages, Methodologies and Development Tools for Multi-Agent Systems",
year="2008"
}
@article{10.1145/295685.295882,
author = {Tai, Hideki and Kosaka, Kazuya},
title = {The Aglets Project},
year = {1999},
issue_date = {March 1999},
publisher = {Association for Computing Machinery},
address = {New York, NY, USA},
volume = {42},
number = {3},
issn = {0001-0782},
url = {https://doi.org/10.1145/295685.295882},
doi = {10.1145/295685.295882},
journal = {Commun. ACM},
month = mar,
pages = {100–101},
numpages = {2}
}
@INPROCEEDINGS{6524416,
  author={W. W. {Godfrey} and S. S. {Jha} and S. B. {Nair}},
  booktitle={2013 International Conference on Communication Systems and Network Technologies}, 
  title={On a Mobile Agent Framework for an Internet of Things}, 
  year={2013},
  volume={},
  number={},
  pages={345-350},
  doi={10.1109/CSNT.2013.79}}
  
  @InProceedings{10.1007/3-540-62852-5_4,
author="Chess, David
and Harrison, Colin
and Kershenbaum, Aaron",
editor="Vitek, Jan
and Tschudin, Christian",
title="Mobile agents: Are they a good idea?",
booktitle="Mobile Object Systems Towards the Programmable Internet",
year="1997",
publisher="Springer Berlin Heidelberg",
address="Berlin, Heidelberg",
pages="25--45"
}

@article{wielemaker_schrijvers_triska_lager_2012, title={SWI-Prolog}, volume={12}, DOI={10.1017/S1471068411000494}, number={1-2}, journal={Theory and Practice of Logic Programming}, publisher={Cambridge University Press}, author={WIELEMAKER, JAN and SCHRIJVERS, TOM and TRISKA, MARKUS and LAGER, TORBJÖRN}, year={2012}, pages={67–96}}

@InProceedings{10.1007/3-540-45982-0_1,
author="Wooldridge, Michael",
editor="Ma{\v{r}}{\'i}k, Vladim{\'i}r
and {\v{S}}t{\v{e}}p{\'a}nkov{\'a}, Olga
and Krautwurmov{\'a}, Hana
and Luck, Michael",
title="Intelligent Agents: The Key Concepts",
booktitle="Multi-Agent Systems and Applications II",
year="2002",
publisher="Springer Berlin Heidelberg",
address="Berlin, Heidelberg",
pages="3--43"
}

@misc{OSBrain,
  title = {OSBrain},
  howpublished = {\url{https://osbrain.readthedocs.io/en/stable/}}
}

@misc{pade,
  title = {PADE},
  howpublished = {\url{https://pade.readthedocs.io/en/latest/}
  }
}

@misc{3node,
  title = {3-Node-Traversal Demo},
  howpublished = {\url{https://drive.google.com/file/d/17baNNb-k21rct6VOxvi-CCWDVAms3agp/view?usp=sharing}
  }
}

@misc{distmst,
  title = {Distributed MST Demo},
  howpublished = {\url{https://drive.google.com/file/d/1BHXOU7Sur5ayWYTZR1IvoxSn4FyK4WXM/view?usp=sharing}}
  }
}